<?xml version="1.0" encoding="UTF-8"?><record xmlns="http://www.loc.gov/MARC21/slim" xmlns:cinclude="http://apache.org/cocoon/include/1.0" xmlns:zs="http://www.loc.gov/zing/srw/">
  <leader>01011cz  a2200217n  4500</leader>
  <controlfield tag="001">n  86824335 </controlfield>
  <controlfield tag="003">DLC</controlfield>
  <controlfield tag="005">20120801081739.0</controlfield>
  <controlfield tag="008">860502n| acannaabn          |a aaa      </controlfield>
  <datafield tag="010" ind1=" " ind2=" ">
    <subfield code="a">n  86824335 </subfield>
  </datafield>
  <datafield tag="035" ind1=" " ind2=" ">
    <subfield code="a">(OCoLC)oca01570602</subfield>
  </datafield>
  <datafield tag="040" ind1=" " ind2=" ">
    <subfield code="a">DLC</subfield>
    <subfield code="b">eng</subfield>
    <subfield code="c">DLC</subfield>
    <subfield code="d">DLC</subfield>
    <subfield code="d">OCoLC</subfield>
    <subfield code="d">DLC</subfield>
  </datafield>
  <datafield tag="053" ind1=" " ind2="0">
    <subfield code="a">PL3748.C47</subfield>
  </datafield>
  <datafield tag="100" ind1="0" ind2=" ">
    <subfield code="a">Chos-dbaṅ-grags-pa,</subfield>
    <subfield code="c">Źaṅ-źuṅ-pa</subfield>
  </datafield>
  <datafield tag="400" ind1="0" ind2=" ">
    <subfield code="a">Chʻü-wang-cha-pa,</subfield>
    <subfield code="c">Hsiang-hsiung</subfield>
  </datafield>
  <datafield tag="400" ind1="0" ind2=" ">
    <subfield code="a">Hsiang-hsiung Chʻü-wang-cha-pa</subfield>
  </datafield>
  <datafield tag="400" ind1="0" ind2=" ">
    <subfield code="a">Źaṅ-źuṅ-ba Chos-dbaṅ-grags pas</subfield>
  </datafield>
  <datafield tag="667" ind1=" " ind2=" ">
    <subfield code="a">THIS 1XX FIELD CANNOT BE USED UNDER RDA UNTIL THIS RECORD HAS BEEN REVIEWED AND/OR UPDATED</subfield>
  </datafield>
  <datafield tag="670" ind1=" " ind2=" ">
    <subfield code="a">nuc86-40224: His Rā-ma-naʼi rtogs brjod, 1981 (1983 printing)</subfield>
    <subfield code="b">(hdg. on InU rept.: Chos-dbaṅ-grags-pa, Źaṅ-źuṅ-pa; usage: Źaṅ-źuṅ-ba Chos-dbaṅ-grags pas brtsams)</subfield>
  </datafield>
  <datafield tag="670" ind1=" " ind2=" ">
    <subfield code="a">Info. from India</subfield>
    <subfield code="b">(Chos-dbaṅ-grags-pa, Źaṅ-źuṅ-pa, 1404-1469)</subfield>
  </datafield>
  <datafield tag="670" ind1=" " ind2=" ">
    <subfield code="a">Rā-mā-ṇaʼi rtogs brjod, 1995:</subfield>
    <subfield code="b">colophon (in Chinese: Hsiang-hsiung Chʻü-wang-cha-pa)</subfield>
  </datafield>
</record>